% Graphics
@inproceedings{beltramelli2018pix2code,
  title={pix2code: Generating code from a graphical user interface screenshot},
  author={Beltramelli, Tony},
  booktitle={Proceedings of the ACM SIGCHI Symposium on Engineering Interactive Computing Systems},
  pages={3},
  year={2018},
  organization={ACM}
}

@inproceedings{deng2017image,
  title={Image-to-markup generation with coarse-to-fine attention},
  author={Deng, Yuntian and Kanervisto, Anssi and Ling, Jeffrey and Rush, Alexander M},
  booktitle={Proceedings of the 34th International Conference on Machine Learning-Volume 70},
  pages={980--989},
  year={2017},
  organization={JMLR. org}
}

@article{sikdar2017drawing,
  title={Drawing Finite State Machines in LATEX using tikz A Tutorial},
  author={Sikdar, Satyaki},
  year={2017}
}

@inproceedings{ellis2018learning,
  title={Learning to infer graphics programs from hand-drawn images},
  author={Ellis, Kevin and Ritchie, Daniel and Solar-Lezama, Armando and Tenenbaum, Josh},
  booktitle={Advances in neural information processing systems},
  pages={6059--6068},
  year={2018}
}

@inproceedings{devlin2017robustfill,
  title={Robustfill: Neural program learning under noisy I/O},
  author={Devlin, Jacob and Uesato, Jonathan and Bhupatiraju, Surya and Singh, Rishabh and Mohamed, Abdel-rahman and Kohli, Pushmeet},
  booktitle={Proceedings of the 34th International Conference on Machine Learning-Volume 70},
  pages={990--998},
  year={2017},
  organization={JMLR. org}
}

@article{kalyan2018neural,
  title={Neural-guided deductive search for real-time program synthesis from examples},
  author={Kalyan, Ashwin and Mohta, Abhishek and Polozov, Oleksandr and Batra, Dhruv and Jain, Prateek and Gulwani, Sumit},
  journal={arXiv preprint arXiv:1804.01186},
  year={2018}
}

@article{parisotto2016neuro,
  title={Neuro-symbolic program synthesis},
  author={Parisotto, Emilio and Mohamed, Abdel-rahman and Singh, Rishabh and Li, Lihong and Zhou, Dengyong and Kohli, Pushmeet},
  journal={arXiv preprint arXiv:1611.01855},
  year={2016}
}
  
@article{balog2016deepcoder,
  title={Deepcoder: Learning to write programs},
  author={Balog, Matej and Gaunt, Alexander L and Brockschmidt, Marc and Nowozin, Sebastian and Tarlow, Daniel},
  journal={arXiv preprint arXiv:1611.01989},
  year={2016}
}

@article{gold1978complexity,
  title={Complexity of automaton identification from given data},
  author={Gold, E Mark},
  journal={Information and control},
  volume={37},
  number={3},
  pages={302--320},
  year={1978},
  publisher={Elsevier}
}

% Mechanism Design
@article{dutting2017optimal,
  title={Optimal auctions through deep learning},
  author={D{\"u}tting, Paul and Feng, Zhe and Narasimhan, Harikrishna and Parkes, David C and Ravindranath, Sai Srivatsa},
  journal={arXiv preprint arXiv:1706.03459},
  year={2017}
}

@inproceedings{golowich2018deep,
  title={Deep Learning for Multi-Facility Location Mechanism Design.},
  author={Golowich, Noah and Narasimhan, Harikrishna and Parkes, David C},
  booktitle={IJCAI},
  pages={261--267},
  year={2018}
}

@article{chen2019grinding,
  title={Grinding the Space: Learning to Classify Against Strategic Agents},
  author={Chen, Yiling and Liu, Yang and Podimata, Chara},
  journal={arXiv preprint arXiv:1911.04004},
  year={2019}
}

@inproceedings{mihailescu2010strategy,
  title={Strategy-proof dynamic resource pricing of multiple resource types on federated clouds},
  author={Mihailescu, Marian and Teo, Yong Meng},
  booktitle={International Conference on Algorithms and Architectures for Parallel Processing},
  pages={337--350},
  year={2010},
  organization={Springer}
}

@article{richardsonprivately,
  title={Privately computing influence in regression models},
  author={Richardson, Adam and Rokvic, Ljubomir and Filos-Ratsikas, Aris and Faltings, Boi},
  year={2019}
}

@inproceedings{cai2015optimum,
  title={Optimum statistical estimation with strategic data sources},
  author={Cai, Yang and Daskalakis, Constantinos and Papadimitriou, Christos},
  booktitle={Conference on Learning Theory},
  pages={280--296},
  year={2015}
}

@article{dekel2010incentive,
  title={Incentive compatible regression learning},
  author={Dekel, Ofer and Fischer, Felix and Procaccia, Ariel D},
  journal={Journal of Computer and System Sciences},
  volume={76},
  number={8},
  pages={759--777},
  year={2010},
  publisher={Elsevier}
}

@inproceedings{chen2018strategyproof,
  title={Strategyproof linear regression in high dimensions},
  author={Chen, Yiling and Podimata, Chara and Procaccia, Ariel D and Shah, Nisarg},
  booktitle={Proceedings of the 2018 ACM Conference on Economics and Computation},
  pages={9--26},
  year={2018}
}

@article{meir2012algorithms,
  title={Algorithms for strategyproof classification},
  author={Meir, Reshef and Procaccia, Ariel D and Rosenschein, Jeffrey S},
  journal={Artificial Intelligence},
  volume={186},
  pages={123--156},
  year={2012},
  publisher={Elsevier}
}

@article{gast2013linear,
  title={Linear Regression from Strategic Data Sources},
  author={Gast, Nicolas and Ioannidis, Stratis and Loiseau, Patrick and Roussillon, Benjamin},
  journal={arXiv preprint arXiv:1309.7824},
  year={2013}
}

@article{perote2004strategy,
  title={Strategy-proof estimators for simple regression},
  author={Perote, Javier and Perote-Pena, Juan},
  journal={Mathematical Social Sciences},
  volume={47},
  number={2},
  pages={153--176},
  year={2004},
  publisher={Elsevier}
}

@inproceedings{procaccia2009approximate,
  title={Approximate mechanism design without money},
  author={Procaccia, Ariel D and Tennenholtz, Moshe},
  booktitle={Proceedings of the 10th ACM conference on Electronic commerce},
  pages={177--186},
  year={2009}
}

@inproceedings{dekel2009vox,
  title={Vox Populi: Collecting High-Quality Labels from a Crowd.},
  author={Dekel, Ofer and Shamir, Ohad},
  booktitle={COLT},
  year={2009}
}

@inproceedings{dekel2009good,
  title={Good learners for evil teachers},
  author={Dekel, Ofer and Shamir, Ohad},
  booktitle={Proceedings of the 26th annual international conference on machine learning},
  pages={233--240},
  year={2009}
}

@article{shah2016double,
  title={Double or nothing: Multiplicative incentive mechanisms for crowdsourcing},
  author={Shah, Nihar B and Zhou, Dengyong},
  journal={The Journal of Machine Learning Research},
  volume={17},
  number={1},
  pages={5725--5776},
  year={2016},
  publisher={JMLR. org}
}

@inproceedings{cai2015optimum,
  title={Optimum statistical estimation with strategic data sources},
  author={Cai, Yang and Daskalakis, Constantinos and Papadimitriou, Christos},
  booktitle={Conference on Learning Theory},
  pages={280--296},
  year={2015}
}

@inproceedings{epasto2018incentive,
  title={Incentive-aware learning for large markets},
  author={Epasto, Alessandro and Mahdian, Mohammad and Mirrokni, Vahab and Zuo, Song},
  booktitle={Proceedings of the 2018 World Wide Web Conference},
  pages={1369--1378},
  year={2018}
}

@inproceedings{ng2002discriminative,
  title={On discriminative vs. generative classifiers: A comparison of logistic regression and naive bayes},
  author={Ng, Andrew Y and Jordan, Michael I},
  booktitle={Advances in neural information processing systems},
  pages={841--848},
  year={2002}
}

@article{rennie2005regularized,
  title={Regularized logistic regression is strictly convex},
  author={Rennie, Jason DM},
  journal={Unpublished manuscript. URL people. csail. mit. edu/jrennie/writing/convexLR. pdf},
  volume={745},
  year={2005}
}